<?xml version="1.0" encoding="UTF-8"?><record xmlns="http://www.loc.gov/MARC21/slim" xmlns:cinclude="http://apache.org/cocoon/include/1.0" xmlns:zs="http://www.loc.gov/zing/srw/">
  <leader>00510nz  a2200157n  4500</leader>
  <controlfield tag="001">no2009039030</controlfield>
  <controlfield tag="003">DLC</controlfield>
  <controlfield tag="005">20090315075341.0</controlfield>
  <controlfield tag="008">090313n| acannaabn          |b aaa     c</controlfield>
  <datafield tag="010" ind1=" " ind2=" ">
    <subfield code="a">no2009039030</subfield>
  </datafield>
  <datafield tag="035" ind1=" " ind2=" ">
    <subfield code="a">(OCoLC)oca08044787</subfield>
  </datafield>
  <datafield tag="040" ind1=" " ind2=" ">
    <subfield code="a">MH-FA</subfield>
    <subfield code="b">eng</subfield>
    <subfield code="c">MH-FA</subfield>
  </datafield>
  <datafield tag="100" ind1="1" ind2=" ">
    <subfield code="a">Murata, Shōzō,</subfield>
    <subfield code="d">1929-</subfield>
  </datafield>
  <datafield tag="400" ind1="1" ind2=" ">
    <subfield code="a">村田省蔵,</subfield>
    <subfield code="d">1929-</subfield>
  </datafield>
  <datafield tag="667" ind1=" " ind2=" ">
    <subfield code="a">Non-Latin script reference not evaluated.</subfield>
  </datafield>
  <datafield tag="670" ind1=" " ind2=" ">
    <subfield code="a">Nihon no fūkei daigashū, 1989 :</subfield>
    <subfield code="b">t.p. (村田省蔵 = Murata Shōzō) ; colophon ( b. 1929 in Kanazawa)</subfield>
  </datafield>
</record>